@misc{racketwebsite,
  author = "	PLT Inc.",
  title = "Racket -- solve problems, make languages",
  howpublished = "\\ https://racket-lang.org/"
}

@misc{qqicomputing,
  author = "Quality and Qualifications Ireland",
  title = "Award Standards -- Computing",
  howpublished = "\\ \url{http://www.qqi.ie/Publications/Computing%20-%20QQI%20Awards%20Standards.pdf}"
}

@misc{countdownwebsite,
  author = "Channel Four Television Corporation",
  title = "Countdown",
  howpublished = "\\ \url{http://www.channel4.com/programmes/countdown}"
}

@misc{pythonorg,
  author = "Python Software Foundation",
  title = "Welcome to python.org",
  howpublished = "\\ \url{https://www.python.org/}"
}

@misc{paulgrahammistakes,
  author = "Paul Graham",
  title = "The 18 Mistakes That Kill Startups",
  howpublished = "\\ \url{http://paulgraham.com/startupmistakes.html}"
}

@misc{githubforking,
  author = "GitHub",
  title = "Fork A Repo",
  howpublished = "\\ \url{https://help.github.com/articles/fork-a-repo/}"
}

@misc{githubissues,
  author = "GitHub",
  title = "Mastering Issues",
  howpublished = "\\ \url{https://guides.github.com/features/issues/}"
}

@misc{gmitconduct,
  author = "GMIT",
  title = "Code of Student Conduct",
  howpublished = "\\ \url{http://www.gmit.ie/sites/default/files/public/about/docs/code-student-conduct-2016-17.pdf}"
}

@misc{gmitplagiarism,
  author = "GMIT",
  title = "Policy on Plagiarism",
  howpublished = "\\ \url{http://www.gmit.ie/sites/default/files/public/general/docs/10-no2-plagiariam-3.5.pdf}"
}
